@article{ref_criollo,
    author = {Eggly, G. M. and Micheletto, M. and D'Amico, J. P. and Crocioni, S. J.}, 
    title = {Desarrollo de una aplicación móvil para el cálculo de pulverizaciones agrícolas.},
    journal = {46 JAIIO - Congreso Argentino de AgroInformática}, 
    volume = {9},
    number = {4},
    pages = {218-225},
    year = {2017}
}

@article{ref_campero,
    author = {Micheletto, M. and Eggly, G. M. and D'Amico, J. P. and Crocioni, S. J.}, 
    title = {Desarrollo de una aplicación híbrida para cálculos de siembra},
    journal = {50 JAIIO - Congreso Argentino de AgroInformática}, 
    volume = {9},
    number = {4},
    pages = {189-199},
    year = {2021}
}

@article{ref_agrario,
    author = {Micheletto, M.}, 
    title = {Agrario: una aplicación multiplataforma para la gestión de tareas agropecuarias},
    journal = {52 JAIIO - Congreso Argentino de AgroInformática}, 
    volume = {9},
    number = {4},
    pages = {97-110},
    year = {2023}
}

@book{cleanarch,
    author = {Martin, Robert C.},
    title = {Clean Architecture: A Craftsman's Guide to Software Structure and Design},
    year = {2017},
    isbn = {0134494164},
    publisher = {Prentice Hall Press},
    address = {USA},
    edition = {1st}
}

@article{zalamea2023,
	title = {Comparative capacities of residential solar thermal systems versus F-chart model predictions and economic potential in an equatorial-latitude country},
	journal = {Energy Reports},
	volume = {10},
	pages = {2567-2581},
	year = {2023},
	issn = {2352-4847},
	doi = {https://doi.org/10.1016/j.egyr.2023.09.072},
	url = {https://www.sciencedirect.com/science/article/pii/S2352484723013094},
	author = {Esteban Zalamea-León and Mateo Astudillo-Flores and Antonio Barragán-Escandón and Manuel Raúl Peláez-Samaniego},
	keywords = {Solar thermal, Flat plate collectors, Evacuated tube collectors, Solar thermal performance, Residential hot water}
}

@article{ou2014,
	title = {Optimization of angular setup with proposed $\beta-\eta$ chart for solar energy apparatus through Helios orbital analysis},
	journal = {Energy Conversion and Management},
	volume = {81},
	pages = {354-362},
	year = {2014},
	issn = {0196-8904},
	doi = {https://doi.org/10.1016/j.enconman.2014.02.032},
	url = {https://www.sciencedirect.com/science/article/pii/S0196890414001514},
	author = {Chung-Jen Ou},
	keywords = {Solar photo-voltage system (SPVS)}
}

@article{salazar2014,
    title = {Calculation of the shadow-penumbra relation and its application on efficient architectural design},
    journal = {Solar Energy},
    volume = {110},
    pages = {139-150},
    year = {2014},
    issn = {0038-092X},
    doi = {https://doi.org/10.1016/j.solener.2014.08.043},
    url = {https://www.sciencedirect.com/science/article/pii/S0038092X14004290},
    author = {Jorge Hernán {Salazar Trujillo}},
    keywords = {Penumbra, Gloom, Shadow, Shading device, Solar control, Shadow Dispersion}
}

@article{wang2023,
    title = {A novel and efficient method for calculating beam shadows on exterior surfaces of buildings in dense urban contexts},
    journal = {Building and Environment},
    volume = {229},
    pages = {109937},
    year = {2023},
    issn = {0360-1323},
    doi = {https://doi.org/10.1016/j.buildenv.2022.109937},
    url = {https://www.sciencedirect.com/science/article/pii/S0360132322011672},
    author = {Xiaoyu Wang and Xinkai Zhang and Sijie Zhu and Jiawen Ren and Francesco Causone and Yu Ye and Xing Jin and Xin Zhou and Xing Shi},
    keywords = {Beam shadow, Dense urban contexts, Neighbourhood shading building surfaces, Polygon clipping, Vector tracking}
}