@article{butler2016geojson,
  title={The geojson format},
  author={Butler, Howard and Daly, Martin and Doyle, Allan and Gillies, Sean and Hagen, Stefan and Schaub, Tim and others},
  journal={Internet Engineering Task Force (IETF)},
  year={2016}
}